@article{bjorklund_sa_2022,
	title = {Så ofta kan du snabbladda din elbil utan att batteriet far illa},
	url = {https://www.nyteknik.se/premium/sa-ofta-kan-du-snabbladda-din-elbil-utan-att-batteriet-far-illa-7042411},
	abstract = {Snabbladdning som mest var tredje gång, det är receptet om du vill hålla batteriet i elbilen så friskt som möjligt. Det framgår av en studie från Norsk elbilsförening. ”Snabbladdning är inte farligt, däremot visar data att batteriet åldras snabbare”, säger testchef Ståle Frydenlund.},
	language = {sv},
  year = {2022},
  date = {2022-12-26},
	urldate = {2023-01-23},
	journal = {Ny Teknik},
	author = {Björklund, Felix},
	file = {Snapshot:/Users/larer34/Zotero/storage/EBUQ6TBZ/sa-ofta-kan-du-snabbladda-din-elbil-utan-att-batteriet-far-illa-7042411.html:text/html},
}
@mastersthesis{Coric:2023,
	author  = {Amina Coric},
	school  = {Vehicular Systems, Dept. of Electrical Engineering, Linköping University},
	title   = {Lithium-ion Battery Modeling and Simulation for Aging Analysis using PyBaMM},
	year    = {2023}
}
@misc{sveriges_miljomal_utslapp_nodate,
	title = {Utsläpp av växthusgaser från inrikes transporter - {Sveriges} miljömål},
	note = {Accessed 2022-12-08: https://www.sverigesmiljomal.se/etappmalen/utslapp-av-vaxthusgaser-fran-inrikes-transporter/},
	urldate = {2023-01-29},
	year = {2022},
	author = {{Sveriges miljömål}},
	file = {Utsläpp av växthusgaser från inrikes transporter - Sveriges miljömål:/Users/larer34/Zotero/storage/M732HX5F/utslapp-av-vaxthusgaser-fran-inrikes-transporter.html:text/html},
}
@misc{the_icct_why_2021,
	title = {Why are electric vehicles the only way to quickly and substantially decarbonize transport?},
	url = {https://theicct.org/why-are-electric-vehicles-the-only-way-to-quickly-and-substantially-decarbonize-transport/},
	abstract = {Battery electric vehicles have the lowest life-cycle GHG emissions, today and into the foreseeable future.},
	language = {en-US},
	urldate = {2023-01-29},
	journal = {International Council on Clean Transportation},
	author = {The ICCT},
	month = jul,
	year = {2021},
	file = {Snapshot:/Users/larer34/Zotero/storage/94ZFRWCB/why-are-electric-vehicles-the-only-way-to-quickly-and-substantially-decarbonize-transport.html:text/html},
}
@misc{fossilfrittsverige,
	author       = {{Fossilfritt Sverige}},
	howpublished = {Accessed 2023-01-12, report on https://fossilfrittsverige.se/},
	title        = {Strategi för fossilfri konkurrenskraft -- En Hållbar Batterivärdekedja},
	year         = {2022}
}
