@misc{aceatrucks,
    author = "ACEA",
    title = "Trucks Factsheet",
    howpublished = "\href{https://acea.auto/files/factsheet_trucks.pdf}{https://acea.auto/files/factsheet\_trucks.pdf}",
    year = 2022,
    addendum = "(accessed: 2023-08-31)",
}

@misc{ccesregulation,
    author = "C2ES",
    title = "Regulating Transportation secrtor: Carbon Emissions",
    howpublished = "\href{https://www.c2es.org/content/regulating-transportation-sector-carbon-emissions}{https://www.c2es.org/content/regulating-transportation-sector-carbon-emissions}",
    year = 2023,
    addendum = "(accessed: 2023-08-31)",
}

@book{european2011communication,
  title={Communication from the Commission to the European Parliament, the Council, the European Economic and Social Committee and the Committee of the Regions Youth Opportunities Initiative},
  author={European Commission},
  year={2011},
  publisher={European Commission Brussels, Belgium}
}

@article{ragon2021co2,
  title={C{O}2 emissions from trucks in the {EU}: An analysis of the heavy-duty {CO}2 standards baseline data},
  author={Ragon, Pierre-Louis and Rodr{\'\i}guez, Felipe},
  year={2021},
  publisher={ICCT: International Council on Clean Transportation}
}

@article{canals2022electric,
  title={Electric Vehicle Battery Health Expected at End of Life in the Upcoming Years Based on UK Data},
  author={Canals Casals, Lluc and Etxandi-Santolaya, Maite and Bibiloni-Mulet, Pere Antoni and Corchero, Cristina and Trilla, Lluis},
  journal={Batteries},
  volume={8},
  number={10},
  pages={164},
  year={2022},
  publisher={MDPI}
}

@article{schuster2015lithium,
  title={Lithium-ion cell-to-cell variation during battery electric vehicle operation},
  author={Schuster, Simon F and Brand, Martin J and Berg, Philipp and Gleissenberger, Markus and Jossen, Andreas},
  journal={Journal of Power Sources},
  volume={297},
  pages={242--251},
  year={2015},
  publisher={Elsevier}
}

@book{garche2018electrochemical,
  title={Electrochemical Power Sources: Fundamentals, Systems, and Applications: Li-Battery Safety},
  author={Garche, J{\"u}rgen and Brandt, Klaus},
  year={2018},
  publisher={Elsevier}
}

@misc{ChargedEVs,
    author = "Charged EVs",
    title = "Stellantis and Saft Unveil EV Battery Modules With Integrated Inverter and Charger",
    howpublished = "\href{https://chargedevs.com/newswire/stellantis-and-saft-unveil-ev-battery-modules-with-integrated-inverter-and-charger/}{https://chargedevs.com/newswire/stellantis-and-saft-unveil-ev-battery-modules-with-integrated-inverter-and-charger/}",
    year = 2023,
    addendum = "(accessed: 2023-08-31)",
}

@misc{ABTSportsline,
    author = "ABT Sportsline",
    title = "For Innovative Multilevel Technology: ABT e-Line Cooperates With Munich Start-up BAVERTIS",
    howpublished = "\href{https://www.abt-sportsline.com/news/for-innovative-multilevel-technology-abt-e-line-cooperates-with-munich-start-up-bavertis}{https://www.abt-sportsline.com/news/for-innovative-multilevel-technology-abt-e-line-cooperates-with-munich-start-up-bavertis}",
    year = 2023,
    addendum = "(accessed: 2023-08-31)",
}

@misc{ABTeline,
    author = "ABT Sportsline",
    title = "e-Line - English",
    howpublished = "\href{https://www.abt-eline.com/}{https://www.abt-eline.com/}",
    year = 2023,
    addendum = "(accessed: 2023-08-31)",
}

@misc{TAETech,
    author = "TAE Technologies",
    title = "Introducing TAE Power Solutions, a power management spin-off company from fusion energy leader TAE Technologies",
    howpublished = "\href{https://www.prnewswire.com/news-releases/introducing-tae-power-solutions-a-power-management-spin-off-company-from-fusion-energy-leader-tae-technologies-301728437.html}{https://www.prnewswire.com/news-releases/introducing-tae-power-solutions-a-power-management-spin-off-company-from-fusion-energy-leader-tae-technologies-301728437.html}",
    year = 2023,
    addendum = "(accessed: 2023-08-31)",
}

@misc{BrillPower,
    author = "C. Lawrence",
    title = "Brill Power unveils game-changing tech for large scale battery operations",
    howpublished = "\href{https://tech.eu/2023/07/10/brill-power-unveils-game-changing-tech-for-large-scale-battery-operations/}{https://tech.eu/2023/07/10/brill-power-unveils-game-changing-tech-for-large-scale-battery-operations/}",
    year = 2023,
    addendum = "(accessed: 2023-08-31)",
}

@book{josefsson2015investigation,
  title={Investigation of a multilevel inverter for electric vehicle applications},
  author={Josefsson, Oskar},
  year={2015},
  publisher={Chalmers Tekniska Hogskola (Sweden)}
}

@article{kersten2021modular,
  title={Modular Battery Systems for Electric Vehicles based on Multilevel Inverter Topologies-Opportunities and Challenges},
  author={Kersten, Anton},
  journal={PQDT-Global},
  year={2021},
  publisher={Chalmers Tekniska Hogskola (Sweden)}
}

@article{quraan2015design,
  title={Design and control of modular multilevel converters for battery electric vehicles},
  author={Quraan, Mahran and Yeo, Taejung and Tricoli, Pietro},
  journal={IEEE Transactions on Power Electronics},
  volume={31},
  number={1},
  pages={507--517},
  year={2015},
  publisher={IEEE}
}
 
@inproceedings{korte2017efficiency,
  title={Efficiency evaluation of MMSPC/CHB topologies for automotive applications},
  author={Korte, Christian and Specht, Eduard and Hiller, Marc and Goetz, Stefan},
  booktitle={2017 IEEE 12th International Conference on Power Electronics and Drive Systems (PEDS)},
  pages={324--330},
  year={2017},
  organization={IEEE}
}

@inproceedings{kuder2020battery,
  title={Battery modular multilevel management (bm3) converter applied at battery cell level for electric vehicles and energy storages},
  author={Kuder, Manuel and Schneider, Julian and Kersten, Anton and Thiringer, Torbjoern and Eckerle, Richard and Weyh, Thomas},
  booktitle={PCIM Europe digital days 2020; International Exhibition and Conference for Power Electronics, Intelligent Motion, Renewable Energy and Energy Management},
  pages={1--8},
  year={2020},
  organization={VDE}
}

@phdthesis{blinovas2022efficient,
  title={Efficient method to simulate BM3 battery pack and balancing algorithm proposal},
  author={Blinovas, Artiom},
  year={2022},
  school={Hochschule f{\"u}r Angewandte Wissenschaften M{\"u}nchen}
}

@inproceedings{ma2018analysis,
  title={Analysis of battery fault tolerance in modular multilevel converter with integrated battery energy storage system},
  author={Ma, Yajun and Lin, Hua and Wang, Xingwei and Wang, Zhe and Ze, Zuyao},
  booktitle={2018 20th European Conference on Power Electronics and Applications (EPE'18 ECCE Europe)},
  pages={P--1},
  year={2018},
  organization={IEEE}
}

@techreport{balachandran2023battery,
  title={Battery Integrated Modular Multilevel Converter Topologies for Automotive Applications},
  author={Balachandran, Arvind},
  year={2023},
  school={Link{\"o}ping University Electronic Press}
}

@inproceedings{skegro2023analysis,
  title={Analysis of potential lifetime extension through dynamic batery reconfiguration},
  author={Skegro, Albert and Zou, Changfu and Wik, Torsten},
  booktitle={25th European Conference on Power Electronics and Applications (EPE'23 ECCE Europe)},
  pages={1--11},
  year={2023},
  organization={IEEE}
}

@article{bell2001experience,
  title={Experience with variable-frequency drives and motor bearing reliability},
  author={Bell, Sidney and Cookson, Timothy J and Cope, Steven A and Epperly, Richard A and Fischer, Annika and Schlegel, David W and Skibinski, Gary L},
  journal={IEEE Transactions on industry applications},
  volume={37},
  number={5},
  pages={1438--1446},
  year={2001},
  publisher={IEEE}
}

@techreport{meintz2022charging,
  title={Charging infrastructure technologies: Development of a multiport,> 1 mw charging system for medium-and heavy-duty electric vehicles},
  author={Meintz, Andrew and Starke, Mike and Bohn, Ted},
  year={2022},
  institution={National Renewable Energy Lab.(NREL), Golden, CO (United States)}
}

@inproceedings{buberger2021charging,
  title={Charging strategy for battery electric vehicles with a battery modular multilevel management (bm3) converter system using a pr controller},
  author={Buberger, Johannes and Kersten, Anton and Kuder, Manuel and Singer, Arthur and Mashayekh, Ali and Estaller, Julian and Thiringer, Torbj{\"o}rn and Eckerle, Richard and Weyh, Thomas},
  booktitle={2021 23rd European Conference on Power Electronics and Applications (EPE'21 ECCE Europe)},
  pages={P--1},
  year={2021},
  organization={IEEE}
}

@article{huang2020review,
  title={A review of pulsed current technique for lithium-ion batteries},
  author={Huang, Xinrong and Li, Yuanyuan and Acharya, Anirudh Budnar and Sui, Xin and Meng, Jinhao and Teodorescu, Remus and Stroe, Daniel-Ioan},
  journal={Energies},
  volume={13},
  number={10},
  pages={2458},
  year={2020},
  publisher={MDPI}
}

@article{balachandran2023dc,
  title={DC Charging Capabilities of Battery-Integrated Modular Multilevel Converters Based on Maximum Tractive Power},
  author={Balachandran, Arvind and Jonsson, Tomas and Eriksson, Lars},
  journal={Electricity},
  volume={4},
  number={1},
  pages={62--77},
  year={2023},
  publisher={MDPI}
}

@article{huang2021effects,
  title={The Effects of Pulsed Charging Current on the Performance and Lifetime of Lithium-Ion Batteries},
  author={Huang, Xinrong},
  year={2021},
  publisher={Aalborg Universitetsforlag}
}